<?xml version="1.0" encoding="UTF-8"?><collection xmlns="http://www.loc.gov/MARC21/slim"><record><leader>00485nam--2200193-i-4500</leader><controlfield tag="001">000012021</controlfield><controlfield tag="002">20161230</controlfield><controlfield tag="005">20161230201029</controlfield><controlfield tag="008">060222s1000------------r-----000-0-rum-d</controlfield><datafield ind1=" " ind2=" " tag="040"><subfield code="a">IFIN-HH</subfield></datafield><datafield ind1=" " ind2=" " tag="041"><subfield code="a">rum</subfield></datafield><datafield ind1=" " ind2=" " tag="080"><subfield code="a">531.011</subfield></datafield><datafield ind1="1" ind2=" " tag="100"><subfield code="a">Cioranescu, N</subfield></datafield><datafield ind1="1" ind2="0" tag="245"><subfield code="a">Ecuatiile mecanicei analitice</subfield><subfield code="c">N. Cioranescu</subfield></datafield><datafield ind1=" " ind2=" " tag="260"><subfield code="a">Bucuresti, Academia Romana, 1938</subfield></datafield><datafield ind1=" " ind2=" " tag="300"><subfield code="a">101 P</subfield></datafield><datafield ind1=" " ind2=" " tag="490"><subfield code="a">Monografii Stiintifice, I</subfield></datafield><datafield ind1=" " ind2=" " tag="852"><subfield code="a">5541</subfield><subfield code="c">531</subfield></datafield><datafield ind1=" " ind2=" " tag="CAT"><subfield code="a">Sys</subfield><subfield code="c">20100528</subfield><subfield code="h">102932</subfield></datafield></record></collection>